@article{dijst2002opportunities,
  title={Opportunities for transport mode change: an exploration of a disaggregated approach},
  author={Dijst, Martin and de Jong, Tom and van Eck, Jan Ritsema},
  journal={Environment and Planning B: Planning and Design},
  volume={29},
  number={3},
  pages={413--430},
  doi={10.1068/b12811},
  year={2002},
  publisher={SAGE Publications Sage UK: London, England}
}
